@article{tuttle1995divergent,
  title={Divergent modes of autophagy in the methylotrophic yeast Pichia pastoris},
  author={Tuttle, Daniel L and Dunn, WA},
  journal={Journal of cell science},
  volume={108},
  number={1},
  pages={25--35},
  year={1995},
  publisher={The Company of Biologists Ltd}
}

@article{scott2018simulation,
  title={Simulation and optimization of dynamic flux balance analysis models using an interior point method reformulation},
  author={Scott, Felipe and Wilson, Pamela and Conejeros, Ra{\'u}l and Vassiliadis, Vassilios S},
  journal={Computers \& Chemical Engineering},
  volume={119},
  pages={152--170},
  year={2018},
  publisher={Elsevier}
}

@article{harwood2016efficient,
  title={Efficient solution of ordinary differential equations with a parametric lexicographic linear program embedded},
  author={Harwood, Stuart M and H{\"o}ffner, Kai and Barton, Paul I},
  journal={Numerische Mathematik},
  volume={133},
  number={4},
  pages={623--653},
  year={2016},
  publisher={Springer}
}

@article{gomez2016sugars,
  title={From sugars to biodiesel using microalgae and yeast},
  author={Gomez, Jose A and H{\"o}ffner, Kai and Barton, Paul I},
  journal={Green Chemistry},
  volume={18},
  number={2},
  pages={461--475},
  year={2016},
  publisher={Royal Society of Chemistry}
}

@article{henson2014dynamic,
  title={Dynamic flux balance analysis for synthetic microbial communities},
  author={Henson, Michael A and Hanly, Timothy J},
  journal={IET systems biology},
  volume={8},
  number={5},
  pages={214--229},
  year={2014},
  publisher={IET}
}

@article{lee2009individual,
  title={Individual-based and stochastic modeling of cell population dynamics considering substrate dependency},
  author={Lee, Min Woo and Vassiliadis, Vassilios S and Park, Jong Moon},
  journal={Biotechnology and bioengineering},
  volume={103},
  number={5},
  pages={891--899},
  year={2009},
  publisher={Wiley Online Library}
}

@article{monteiro1989interior,
  title={Interior path following primal-dual algorithms. Part I: Linear programming},
  author={Monteiro, Renato DC and Adler, Ilan},
  journal={Mathematical programming},
  volume={44},
  number={1-3},
  pages={27--41},
  year={1989},
  publisher={Springer}
}

@unpublished{Srisuma2018,
  title = {Dynamic Simulation and Optimisation of Biochemical Engineering Systems Using the Interior Point Approach},
  author = {Prakitr Srisuma},
  year = {2018},
  note = {Unpublished paper, Master thesis}
}

@unpublished{Vassiliadis2018,
  title = {Interior Point Methods (IPMâ€™s): a detailed analysis. In: CET IIB Optimization},
  author = {Vassilios S. Vassiliadis},
  year = {2018},
  note = {Unpublished book}
}